@article{nagaraj2021digitization,
  title={Digitization and the demand for physical works: Evidence from the google books project},
  author={Nagaraj, Abhishek and Reimers, Imke},
  journal={Available at SSRN 3339524},
  year={2021}
}

@incollection{smith2016internet,
  title={Internet effects on retail markets},
  author={Smith, Michael D and Zentner, Alejandro},
  booktitle={Handbook on the Economics of Retailing and Distribution},
  year={2016},
  publisher={Edward Elgar Publishing}
}

@article{bounie2006piracy,
  title={Piracy and demands for films: Analysis of piracy behavior in French universities},
  author={Bounie, David and Bourreau, Marc and Waelbroeck, Patrick},
  year={2006},
  publisher={Telecom Paris Working Paper}
}

@article{rob2007piracy,
  title={Piracy on the silver screen},
  author={Rob, Rafael and Waldfogel, Joel},
  journal={The Journal of Industrial Economics},
  volume={55},
  number={3},
  pages={379--395},
  year={2007},
  publisher={Wiley Online Library}
}

@article{aguiar2018streaming,
  title={As streaming reaches flood stage, does it stimulate or depress music sales?},
  author={Aguiar, Luis and Waldfogel, Joel},
  journal={International Journal of Industrial Organization},
  volume={57},
  pages={278--307},
  year={2018},
  publisher={Elsevier}
}

@techreport{ellison2018match,
  title={Match quality, search, and the Internet market for used books},
  author={Ellison, Glenn and Ellison, Sara Fisher},
  year={2018},
  institution={National Bureau of Economic Research}
}

@article{sun2021estimating,
  title={Estimating dynamic treatment effects in event studies with heterogeneous treatment effects},
  author={Sun, Liyang and Abraham, Sarah},
  journal={Journal of Econometrics},
  volume={225},
  number={2},
  pages={175--199},
  year={2021},
  publisher={Elsevier}
}

@article{callaway2021difference,
  title={Difference-in-differences with multiple time periods},
  author={Callaway, Brantly and Santâ€™Anna, Pedro HC},
  journal={Journal of Econometrics},
  volume={225},
  number={2},
  pages={200--230},
  year={2021},
  publisher={Elsevier}
}

@article{goodman2021difference,
  title={Difference-in-differences with variation in treatment timing},
  author={Goodman-Bacon, Andrew},
  journal={Journal of Econometrics},
  volume={225},
  number={2},
  pages={254--277},
  year={2021},
  publisher={Elsevier}
}